00543cas a22002171a 4500
001 9917737223502836
003 Nz
005 20161223172957.0
008 031216m19939999nz  r ne      000 0 eng d
035    $a (Nz)8129629
035    $a (OCoLC)173420414
035    $a (NLNZils)1773722-ilsdb
040    $a WN $c WN
042    $a nznb
043    $a u-nz---
245 00 $a Manuwera week.
260    $a Papatoetoe [N.Z.]
310    $a Weekly
362 0  $a 1993 Oct.19-
651  0 $a Manurewa (Auckland, N.Z.) $v Newspapers.
655  7 $a New Zealand newspapers. $2 local $5 Nz
